<record><leader>00000cas a2200000 a 4500</leader><controlfield tag="001">11425281</controlfield><controlfield tag="008">841127d190819uucauwr ne      0   a0eng c</controlfield><datafield ind1=" " ind2=" " tag="010"><subfield code="a">sn 84025124 </subfield></datafield><datafield ind1=" " ind2=" " tag="040"><subfield code="a">NPV</subfield><subfield code="b">eng</subfield><subfield code="c">NPV</subfield><subfield code="d">CNK</subfield><subfield code="d">OCLCQ</subfield><subfield code="d">CNK</subfield><subfield code="d">OCLCQ</subfield><subfield code="d">OCLCF</subfield><subfield code="d">OCLCO</subfield></datafield><datafield ind1="1" ind2=" " tag="029"><subfield code="a">AU@</subfield><subfield code="b">000020344453</subfield></datafield><datafield ind1=" " ind2=" " tag="042"><subfield code="a">pcc</subfield></datafield><datafield ind1=" " ind2=" " tag="043"><subfield code="a">n-us-ca</subfield></datafield><datafield ind1="0" ind2="4" tag="245"><subfield code="a">The Banning record.</subfield></datafield><datafield ind1=" " ind2=" " tag="260"><subfield code="a">Banning, Riverside County, Calif. :</subfield><subfield code="b">[s.n.]</subfield></datafield><datafield ind1=" " ind2=" " tag="300"><subfield code="a">v.</subfield></datafield><datafield ind1=" " ind2=" " tag="310"><subfield code="a">Weekly</subfield></datafield><datafield ind1="1" ind2=" " tag="362"><subfield code="a">Began with Jan. 23, 1908 issue.</subfield><subfield code="z">Cf. Gregory, W. Amer. newspapers.</subfield></datafield><datafield ind1=" " ind2=" " tag="500"><subfield code="a">Includes section called: Palm Springs News, &lt;Oct. 23, 1924-July 28, 1927&gt;</subfield></datafield><datafield ind1=" " ind2=" " tag="588"><subfield code="a">Description based on: Vol. 1, no. 7 (Mar. 5, 1908).</subfield></datafield><datafield ind1=" " ind2="0" tag="651"><subfield code="a">Banning (Calif.)</subfield><subfield code="v">Newspapers.</subfield></datafield><datafield ind1=" " ind2="7" tag="655"><subfield code="a">Newspapers.</subfield><subfield code="2">fast</subfield><subfield code="0">(OCoLC)fst01423814</subfield></datafield><datafield ind1=" " ind2="7" tag="651"><subfield code="a">California</subfield><subfield code="z">Banning.</subfield><subfield code="2">fast</subfield><subfield code="0">(OCoLC)fst01217502</subfield></datafield><datafield ind1=" " ind2=" " tag="752"><subfield code="a">United States</subfield><subfield code="b">California</subfield><subfield code="c">Riverside</subfield><subfield code="d">Banning.</subfield></datafield><datafield ind1="0" ind2=" " tag="775"><subfield code="t">Herald of Banning, California</subfield><subfield code="w">(DLC)sn 84025125</subfield></datafield><datafield ind1="0" ind2=" " tag="775"><subfield code="t">Herald of Banning</subfield><subfield code="w">(DLC)sn2005061007</subfield></datafield><datafield ind1="0" ind2=" " tag="775"><subfield code="t">Banning shopper's guide</subfield><subfield code="w">(DLC)sn2005061008</subfield></datafield></record>